@article{c17,
  author = {Cao, Longbing},
  title = {Data Science: A Comprehensive Overview},
  journal = {ACM Comput. Surv.},
  volume = {50},
  number = {3},
  year = {2017},
  pages = {43:1--43:42},
  url = {http://doi.acm.org/10.1145/3076253},
} 

@book{b16,
address = {International Publishing},
author = {Boehmke, B. C.},
publisher = {Springer},
title = {Data wrangling with R (Vol. 1)},
year = {2016},
}

@article{bh17,
author = {Boehmke, B. C. and Hazen, B. T.},
journal = {Global Journal of Flexible Systems Management},
title = {The future of supply chain information systems: The open source ecosystem},
volume = {(pre-print)},
year = {2017},
}

@article{bj16,
author = {Boehmke, B. C. and Jackson, R. A.},
journal = {OR/MS Today},
pages = {1},
title = {Unpacking the true cost of "free" statistical software},
volume = {43},
year = {2016},
}

@article{bmof17,
author = {Boehmke, B. C. and Montgomery, R. T. and Ogden, J. A. and Freels, J. K.},
journal = {Journal of Open Source Software},
number = {10},
title = {KraljicMatrix: An R package for implementing the Kraljic Matrix to strategically analyze a firm's purchasing portfolio},
volume = {2},
year = {2017},
}

@article{br01,
author = {Buvik, A. and Reve, T.},
journal = {Journal of Business Research},
number = {2},
pages = {101-113},
title = {Asymmetrical deployment of specific assets and contractual safeguarding in industrial purchasing relationships},
volume = {51},
year = {2001},
}

@article{cps15,
author = {Chen, D. Q. and Preston, D. S. and Swink, M.},
journal = {Journal of Management Information Systems},
number = {4},
pages = {4-39},
title = {How the use of big data analytics affects value creation in supply chain management},
volume = {32},
year = {2015},
}

@article{cpl04,
author = {Chen, I. J. and Paulraj, A. and Lado, A. A.},
journal = {Journal of Operations Management},
number = {5},
pages = {505-523},
title = {Strategic purchasing, supply management, and firm performance},
volume = {22},
year = {2004},
}

@article{cz14,
author = {Chen, P. C. and Zhang, C.-y.},
journal = {Information Sciences},
pages = {314-347},
title = {Data-intensive applications, challenges, techniques and technologies: A survey on Big Data},
volume = {275},
year = {2014},
}

@article{dp12,
author = {Davenport, T. H. and Patil, D. J.},
journal = {Harvard Business Review},
number = {5},
pages = {70-76},
title = {Data scientist},
volume = {90},
year = {2012},
}

@article{dbb12,
author = {Davenport, T. H. and Barth, P. and Bean, R.},
journal = {MIT Sloan Management Review},
number = {1},
pages = {43},
title = {How big data is different},
volume = {54},
year = {2012},
}

@article{dpbhc08,
author = {Dillon-Merrill, R. L. and Parnell, G. S. and Buckshaw, D. L. and Hensley, W. R. and Caswell, D. J.},
journal = {Military Operations Research},
number = {2},
pages = {19-31},
title = {Avoiding common pitfalls in decision support frameworks for Department of Defense analyses},
volume = {13},
year = {2008},
}

@book{d17,
author = {Doig, C.},
publisher = {Continuum Analytics},
title = {The Journey to Open Data Science},
year = {2017},
}

@book{d15,
address = {Tukey Centennial Workshop. Princeton, NJ},
author = {Donoho, D.},
publisher = {MIT},
title = {50 years of data science},
year = {2015},
}

@article{dg15,
author = {Dubey, R. and Gunasekaran, A.},
journal = {Industrial and Commercial Training},
number = {4},
pages = {174-181},
title = {Education and training for successful career in Big Data and Business Analytics},
volume = {47},
year = {2015},
}

@article{dp02,
author = {Dubois, A. and Pederson, A.},
journal = {J. of Purch. \& Supply Manag.},
pages = {35-42},
title = {Why relationships do not fit into purchasing portfolio models; a comparison between the portfolio and ndustrial network approaches. Eur},
volume = {8},
year = {2002},
}

@article{dcc98,
author = {Dyer, J. and Cho, D. and Chu, W.},
journal = {Calif. Manag. Rev},
pages = {57},
title = {Strategic supplier segmentation: The next "best practice" in supply chaing management},
volume = {40},
year = {1998},
}

@article{wssa15,
author = {Wamba, S. F. and Akter, S. and Edwards, A. and Chopin, G. and Gnanzou, D.},
journal = {International Journal of Production Economics},
pages = {234-246},
title = {How 'big data' can make big impact: Findings from a systematic review and a longitudinal case study},
volume = {165},
year = {2015},
}

@article{gm15,
author = {Gandomi, A. and Murtaza, H.},
journal = {International Journal of Information Management},
number = {2},
pages = {137-144},
title = {Beyond the hype: Big data concepts, methods, and analytics},
volume = {35},
year = {2015},
}

@book{gao,
address = {Washington, D.C.},
author = {GAO},
publisher = {General Accountability Office},
title = {Strategic Sourcing: Improved and Expanded Use Could Save Billions in Annual Procurement Costs},
year = {2012},
}

@book{gao2,
address = {Washington, D.C.},
author = {GAO},
publisher = {Government Accountability Office},
title = {Strategic Sourcing: Opportunities Exist to Better Manage Information Technology Services Spending},
year = {2015},
}

@article{gv03,
author = {Gelderman, C. J. and Van Weele, A. J.},
journal = {Journal of purchasing and supply management},
number = {5},
pages = {207-216},
title = {Handling measurement issues and strategic directions in Kraljic's purchasing portfolio model},
volume = {9},
year = {2003},
}

@article{gm08,
author = {Gelderman, C. and MacDonald, D.},
journal = {J. of Transnatl. Manag.},
pages = {77-92},
title = {Application of Kraljic's purchasing portfolio matrix in an undeveloped logistics infrastructure: The staatsolie suriname case},
volume = {13},
year = {2008},
}

@article{gs06,
author = {Gelderman, C. and Semeijn, J.},
pages = {209-217},
title = {Managing the global supply base through purchasing portfolio management. J. of Purch. and Supply Manag.},
volume = {12},
year = {2006},
}

@article{gv05,
author = {Gelderman, C. and Van Weele, A.},
journal = {J. of Supply Chain Manag.},
pages = {19-28},
title = {Purchasing portfolio madels: a critique and update},
volume = {41},
year = {2005},
}

@article{gv02,
author = {Gelderman, C. and Van Weele, A.},
journal = {J. of Supply Chain Manag.},
pages = {30-37},
title = {Strategic direction through purchasing portfolio management: a case study},
volume = {38},
year = {2002},
}

@article{gh14,
author = {George, G. and Haas, M. R.},
journal = {Academy of Management Journal},
number = {2},
pages = {321-326},
title = {Big data and management},
volume = {57},
year = {2014},
}

@article{gk14,
author = {Gorman, M. F. and Klimberg, R. K.},
journal = {Interfaces},
number = {3},
pages = {329-341},
title = {Benchmarking academic programs in business analytics},
volume = {44},
year = {2014},
}

@article{hbej14,
author = {Hazen, B. T. and Boone, C. A. and Ezell, J. D. and Jones-Farmer, L. A.},
journal = {International Journal of Production Economics},
pages = {72-80},
title = {Data quality for data science, predictive analytics, and big data in supply chain management: An introduction to the problem and suggestions for research and applications},
volume = {154},
year = {2014},
}

@article{hsbh16,
author = {Hazen, B. T. and Skipper, J. B. and Boone, C. A. and Hill, R. R.},
journal = {Annals of Operations Research},
pages = {1-11},
title = {Back in business: Operations research in support of big data analytics for operations and supply chain management},
year = {2016},
}

@article{h11,
author = {Huizingh, E. K.},
journal = {Technovation},
number = {1},
pages = {2-9},
title = {Open innovation: State of the art and future perspectives},
volume = {31},
year = {2011},
}

@article{k07,
author = {Kamann, D.-j. F.},
journal = {Journal of Purchasing and Supply Management},
number = {2},
pages = {127-136},
title = {Organizational design in public procurement: a stakeholder approach},
volume = {13},
year = {2007},
}

@book{kr93,
author = {Keeney, R. and Raiffa, H.},
publisher = {Cambridge University Press},
title = {Decisions with multiple objectives: preferences and value trade-offs},
year = {1993},
}

@article{ktp14,
author = {Knight, L. and Tu, Y. and Preston, J.},
journal = {Int. J. of Prod. Econ.},
pages = {271-283},
title = {Integrating skills profiling and purchasing portfolio management: An opportunity for building purchasing capability},
volume = {147},
year = {2014},
}

@article{k83,
author = {Kraljic, P.},
journal = {Harv. Bus. Rev.},
pages = {109-117},
title = {Purchasing must become supply management},
volume = {61},
year = {1983},
}

@article{lchp01,
author = {Lamming, R. C. and Caldwell, N. D. and Harrison, D. A. and Phillips, W.},
journal = {Journal of Supply Chain Management},
number = {3},
pages = {4-10},
title = {Transparency in supply relationships: concept and practice},
volume = {37},
year = {2001},
}

@article{l84,
author = {Larnder, H.},
journal = {Operations Research},
number = {2},
pages = {465-476},
title = {The origin of operational research},
volume = {32},
year = {1984},
}

@article{ld10,
author = {Lee, D. and Drake, P.},
journal = {Int. J. of Prod. Res.},
pages = {6651-6682},
title = {A portfolio model for component purchasing strategy and the case study of two south korean elevator manufacturers},
volume = {48},
year = {2010},
}

@article{lt02,
author = {Lerner, J. and Tirole, J.},
journal = {The Journal of Industrial Economics},
number = {2},
pages = {197-234},
title = {Some simple economics of open source},
volume = {50},
year = {2002},
}

@article{ll13,
author = {Leventhal, B. and Langdell, S.},
journal = {Journal of Marketing Analytics},
number = {2},
pages = {64-70},
title = {Adding value to business applications with embedded advanced analytics},
volume = {1},
year = {2013},
}

@article{ly99,
author = {Lilliecreutz, J. and Ydreskog, L.},
journal = {Purch. \& Supply Manag. , November},
pages = {66-74},
title = {Supplier classification as an enabler for a differentiated purchasing strategy. Glob},
year = {1999},
}

@article{ly01,
author = {Lilliecreutz, J. and Ydreskog, L.},
journal = {Perspect.},
pages = {73-81},
title = {Supplier classification as an enabler for a differentiated purchasing strategy. Best Practice Prcure.: Pub. and Private Sect},
volume = {8},
year = {2001},
}

@article{lx08,
author = {Liu, X. and Xu, J.},
journal = {WCICA IEEE},
pages = {4911-4916},
title = {Research on the purchasing portfolio approach for steel industry. 7th World Congress on Intelligent Control and Automation},
volume = {2008},
year = {2008},
}

@book{mcbbdr,
author = {Manyika, J. and Chui, M. and Brown, B. and Bughin, J. and Dobbs, R. and Roxburgh, C. and others},
publisher = {McKinsey Global Institute},
title = {Big data: The next frontier for innovation, competition, and productivity},
year = {2012},
}

@article{mb12,
author = {McAfee, A. and Brynjolfsson, E.},
journal = {Harvard Business Review},
number = {10},
pages = {61-67},
title = {Big data: The management revolution},
volume = {90},
year = {2012},
}

@article{md05,
author = {Mota, J. and de Castro, L. M.},
journal = {Journal of Purchasing and Supply Management},
number = {1},
pages = {42-54},
title = {Relationship portfolios and capability development: Cases from the moulds industry},
volume = {11},
year = {2005},
}

@article{ns00,
author = {Nellore, R. and Sderquist, K.},
journal = {Long Range Plan},
pages = {245-267},
title = {Portfolio approaches to procurement: Analysing the missing link to specifications},
volume = {33},
year = {2000},
}

@article{ots12,
author = {Oh, L.-b. and Teo, H.-h. and Sambamurthy, V.},
journal = {Journal of Operations Management},
number = {5},
pages = {368-381},
title = {The effects of retail channel integration through the use of information technologies on firm performance},
volume = {30},
year = {2012},
}

@article{oe97,
author = {Olsen, R. and Ellram, L.},
journal = {Ind. Mark. Manag.},
pages = {101-113},
title = {A portfolio approach to supplier relationships},
volume = {26},
year = {1997},
}

@article{o03,
author = {O'Mahony, S.},
journal = {Research Policy},
number = {7},
pages = {1179-1198},
title = {Guarding the commons: how community managed software projects protect their work},
volume = {32},
year = {2003},
}

@article{pwa12,
author = {Padhi, S. S. and Wagner, S. M. and Aggarwal, V.},
journal = {Journal of Purchasing and Supply Management},
number = {1},
pages = {1-8},
title = {Positioning of commodities using the Kraljic Portfolio Matrix},
volume = {18},
year = {2012},
}

@book{pbtj13,
address = {John \& Sons},
author = {Parnell, G. and Bresnick, T. and Tani, S. and Johnson, E.},
publisher = {Wiley},
title = {Handbook of Decision Analysis (Vol. 6)},
year = {2013},
}

@article{p14,
author = {Power, D. J.},
journal = {Journal of Decision Systems},
number = {2},
pages = {222-228},
title = {Using 'Big Data' for analytics and decision support},
volume = {23},
year = {2014},
}

@book{pf13,
address = {Inc},
author = {Provost, F. and Fawcett, T.},
publisher = {O'Reilly Media},
title = {Data Science for Business: What you need to know about data mining and data-analytic thinking},
year = {2013},
}

@book{t17,
address = {Vienna, Austria},
author = {R. Core Team},
publisher = {R Foundation for Statistical Computing},
title = {R: A language and environment for statistical computing},
year = {2017},
}

@article{r94,
author = {Ramsay, J.},
journal = {European Journal of Purchasing \& Supply Management},
number = {3},
pages = {125-138},
title = {Purchasing power},
volume = {1},
year = {1994},
}

@article{rmha16,
author = {Richey, R. G. and Morgan, T. R. and Hall, K. L. and Adams, F. G.},
journal = {International Journal of Physical Distribution \& Logistics Management},
number = {8},
title = {A global exploration of big data in the supply chain},
volume = {46},
year = {2016},
}

@article{ss15,
author = {Schoenherr, T. and Speier-Pero, C.},
journal = {Journal of Business Logistics},
number = {1},
pages = {120-132},
title = {Data science, predictive analytics, and big data in supply chain management: Current state and future potential},
volume = {36},
year = {2015},
}

@article{smbdel15,
author = {Simpson, D. and Meredith, J. and Boyer, K. and Dilts, D. and Ellram, L. M. and Leong, G. K.},
journal = {Journal of Supply Chain Management},
number = {3},
pages = {87-100},
title = {Professional, research, and publishing trends in operations and supply chain management},
volume = {51},
year = {2015},
}

@article{tmdl10,
author = {Trkman, P. and McCormack, K. and De Oliveira, M. P. and Ladeira, M. B.},
journal = {Decision Support Systems},
number = {3},
pages = {318-327},
title = {The impact of business analytics on supply chain performance},
volume = {49},
year = {2010},
}

@article{tj96,
author = {Tryggvason, E. and Johansen, J.},
journal = {European Journal of Purchasing \& Supply Management},
number = {4},
pages = {203-209},
title = {The double matrix business process model and a framework model for analysis and design of logistic systems},
volume = {2},
year = {1996},
}

@article{h09,
author = {Von Hippel, E.},
journal = {International Journal of Innovation Science},
number = {1},
pages = {29-40},
title = {Democratizing innovation: the evolving phenomenon of user innovation},
volume = {1},
year = {2009},
}

@article{wj04,
author = {Wagner, S. M. and Johnson, J. L.},
journal = {Industrial Marketing Management},
number = {8},
pages = {717-730},
title = {Configuring and managing strategic supplier portfolios},
volume = {33},
year = {2004},
}

@article{wf13,
author = {Waller, M. A. and Fawcett, S. E.},
journal = {Journal of Business Logistics},
number = {4},
pages = {249-252},
title = {Click here for a data scientist: Big data, predictive analytics, and theory development in the era of a maker movement supply chain},
volume = {34},
year = {2013},
}

@article{wf13-2,
author = {Waller, M. A. and Fawcett, S. E.},
journal = {Journal of Business Logistics},
number = {2},
pages = {77-84},
title = {Data science, predictive analytics, and big data: A revolution that will transform supply chain design and management},
volume = {34},
year = {2013},
}

@article{waecg15,
author = {Wamba, S. F. and Akter, S. and Edwards, A. and Chopin, G. and Gnanzou, D.},
journal = {International Journal of Production Economics},
pages = {234-246},
title = {How big data can make big impact: Findings from a systematic review and a longitudinal case study},
volume = {165},
year = {2015},
}

@article{wgnp16,
author = {Wang, G. and Gunasekaran, A. and Ngai, E. W. and Papadopoulos, T.},
journal = {International Journal of Production Economics},
pages = {98-110},
title = {Big data analytics in logistics and supply chain management: Certain investigations for research and applications},
volume = {176},
year = {2016},
}

@book{wb87,
address = {Cambridge},
author = {Watson, S. R. and Buede, D. M.},
publisher = {Cambridge University Press},
title = {Decisions synthesis: the principles and practice of decision analysis},
year = {1987},
}

@book{w14,
author = {Wickham, H.},
publisher = {CRC Press},
title = {Advanced R},
year = {2014},
}

@article{ztpt14,
author = {Zhan, Y. Z. and Tan, K. H. and Pawar, K. and Tan, K. C.},
journal = {(pp},
pages = {25-27},
title = {Harvesting big data to support supply chain innovation. 19th International Symposium on Logistics},
year = {2014},
}

@article{zdl07,
author = {Zhenfeng, Z. and Danxia, G. and Liuming, D.},
journal = {Globalization Challenge and Management Transformation},
title = {Positioning model of purchasing based on Kraljic's purchasing portfolio matrix and factor analysis},
volume = {289},
year = {2007},
}
